@inproceedings{scellato2011socio,
  title={Socio-spatial Properties of Online Location-based Social Networks},
  author={Scellato, S. and Noulas, A. and Lambiotte, R. and Mascolo, C.},
  booktitle={ICWSM},
  year={2011},
}

@inproceedings{backstrom2010find,
  title={Find me if you can: improving geographical prediction with social and spatial proximity},
  author={Backstrom, L. and Sun, E. and Marlow, C.},
  booktitle={WWW},
  year={2010},
}

@inproceedings{cheng2010you,
  title={You are where you tweet: a content-based approach to geo-locating twitter users},
  author={Cheng, Z. and Caverlee, J. and Lee, K.},
  booktitle={CIKM},
  year={2010},
}

@inproceedings{davis2011infer,
  title={Inferring the Location of Twitter Messages Based on User Relationships},
  author={Davis, C and Pappa, G. and de Oliveira, D. and de L Arcanjo, F.},
  booktitle={Transactions in GIS},
  year={2011},
}

@inproceedings{scellato2010distance,
  title={Distance matters: Geo-social metrics for online social networks},
  author={Scellato, S. and Mascolo, C. and Musolesi, M. and Latora, V.},
  booktitle={WOSN},
  year={2010},
}

@inproceedings{backstrom2008spatial,
  title={Spatial variation in search engine queries},
  author={Backstrom, L. and Kleinberg, J. and Kumar, R. and Novak, J.},
  booktitle={WWW},
  year={2008},
}

@inproceedings{gilbert2009predicting,
  title={Predicting tie strength with social media},
  author={Gilbert, E. and Karahalios, K.},
  booktitle={SIGCHI},
  year={2009},
}

@inproceedings{cranshaw2010bridging,
  title={Bridging the gap between physical location and online social networks},
  author={Cranshaw, J. and Toch, E. and Hong, J. and Kittur, A. and Sadeh, N.},
  booktitle={Ubicomp},
  year={2010},
}

@inproceedings{java2007we,
  title={Why we twitter: understanding microblogging usage and communities},
  author={Java, A. and Song, X. and Finin, T. and Tseng, B.},
  booktitle={KDD},
  year={2007},
}

@inproceedings{hecht2011tweets,
  title={Tweets from justin bieber's heart: the dynamics of the location field in user profiles},
  author={Hecht, B. and Hong, L. and Suh, B. and Chi, EH},
  booktitle={SIGCHI},
  year={2011}
}

@inproceedings{hecht2011geographic,
  title={Geographic human-computer interaction},
  author={Hecht, B. and Sch{\\"o}ning, J. and Erickson, T. and Priedhorsky, R.},
  booktitle={SIGCHI},
  year={2011},
}

@inproceedings{gilbert2008network,
  title={The network in the garden: an empirical analysis of social media in rural life},
  author={Gilbert, E. and Karahalios, K. and Sandvig, C.},
  booktitle={SIGCHI},
  year={2008},
}

@inproceedings{lindqvist2011mayor,
  author={Lindqvist, J. and Cranshaw, J. and Wiese, J. and Hong, J. and Zimmerman, J.},
  title = {I'm the Mayor of My House: Examining Why People Use foursquare - a Social-Driven Location Sharing Application},
  booktitle = {SIGCHI},
  year={2011},
}

@inproceedings{li2012towards,
  title={Towards social user profiling: unified and discriminative influence
      model for inferring home locations},
  author={Li, Rui and Wang, Shengjie and Deng, Hongbo and Wang, Rui and Chang, Kevin Chen-Chuan},
  booktitle={KDD},
  year={2012},
}

@inproceedings{yardi2010tweeting,
  title={Tweeting from the town square: Measuring geographic local networks},
  author={Yardi, S. and Boyd, D.},
  booktitle={ICWSM},
  year={2010},
}

@inproceedings{kwak2010why,
 title = {What is Twitter, a social network or a news media?},
 author = {Kwak, H. and Lee, C. and Park, H. and Moon, S.},
 booktitle={WWW},
 year={2010},
}

@inproceedings{sadilek2012finding,
  title={Finding your friends and following them to where you are},
  author={Sadilek, Adam and Kautz, Henry and Bigham, Jeffrey P},
  booktitle={WSDM},
  year={2012},
}

@article{crandall2010inferring,
  title={Inferring social ties from geographic coincidences},
  author={Crandall, D. and Backstrom, L. and Cosley, D. and Suri, S. and Huttenlocher, D. and Kleinberg, J.},
  journal={PNAS},
  year={2010},
}

@inproceedings{wang2011human,
  title={Human mobility, social ties, and link prediction},
  author={Wang, Dashun and Pedreschi, Dino and Song, Chaoming and Giannotti, Fosca and Barabasi, Albert-Laszlo},
  booktitle={KDD},
  year={2011},
}

@inproceedings{mcgee2011geographic,
  author = {McGee, J. and Caverlee, J. and Cheng, Z.},
  title = {A geographic study of tie strength in social media},
  booktitle = {CIKM},
  year={2011},
}

@inproceedings{eisenstein2010latent,
  author = {Eisenstein, J. and O'Connor, B. and Smith, N. and Xing, E.},
  title = {A latent variable model for geographic lexical variation},
  booktitle = {EMNLP},
  year={2010},
}


